@article{Strack2014,
    author = {Strack, Beata and Deshazo, Jonathan and Gennings, Chris and Olmo Ortiz, Juan Luis and Ventura, Sebastian and Cios, Krzysztof and Clore, John},
    year = {2014},
    month = {04},
    title = {Impact of HbA1c Measurement on Hospital Readmission Rates: Analysis of 70,000 Clinical Database Patient Records},
    volume = {2014},
    journal = {BioMed research international},
    doi = {10.1155/2014/781670}
}

@article{Hammoudeh2018,
    title = "Predicting Hospital Readmission among Diabetics using Deep Learning",
    journal = "Procedia Computer Science",
    volume = "141",
    pages = "484 - 489",
    year = "2018",
    note = "The 9th International Conference on Emerging Ubiquitous Systems and Pervasive Networks (EUSPN-2018) / The 8th International Conference on Current and Future Trends of Information and Communication Technologies in Healthcare (ICTH-2018) / Affiliated Workshops",
    issn = "1877-0509",
    doi = "10.1016/j.procs.2018.10.138",
    author = "Ahmad Hammoudeh and Ghazi Al-Naymat and Ibrahim Ghannam and Nadim Obied",
}

@article{Bhuvan2016,
  title={Identifying Diabetic Patients with High Risk of Readmission},
  author={Malladihalli S. Bhuvan and Ankit Kumar and Adil Zafar and Vinith Kishore},
  journal={ArXiv},
  year={2016},
  volume={abs/1602.04257}
}

@article{Mingle2017,
    author = {Mingle, Damian},
    year = {2017},
    month = {01},
    title = {Predicting Diabetic Readmission Rates: Moving Beyond HbA1c},
    volume = {7},
    journal = {Current Trends in Biomedical Engineering \& Biosciences},
    doi = {10.19080/CTBEB.2017.07.555715}
}

@inproceedings{Sharma2019,
    author = {Sharma, Abhishek and Agrawal, Prateek and Madaan, Vishu and Goyal, Shubham},
    title = {Prediction on Diabetes Patient’s Hospital Readmission Rates},
    year = {2019},
    isbn = {9781450366526},
    publisher = {Association for Computing Machinery},
    address = {New York, NY, USA},
    doi = {10.1145/3339311.3339349},
    booktitle = {Proceedings of the Third International Conference on Advanced Informatics for Computing Research},
    articleno = {Article 38},
    numpages = {5},
    keywords = {diabetes, hospital readmission, predictive modeling, healthcare, patient},
    location = {Shimla, India},
    series = {ICAICR ’19}
}


@article{smote,
  author    = {Kevin W. Bowyer and
               Nitesh V. Chawla and
               Lawrence O. Hall and
               W. Philip Kegelmeyer},
  title     = {{SMOTE:} Synthetic Minority Over-sampling Technique},
  journal   = {CoRR},
  volume    = {abs/1106.1813},
  year      = {2011},
  url       = {http://arxiv.org/abs/1106.1813},
  archivePrefix = {arXiv},
  eprint    = {1106.1813},
  timestamp = {Mon, 13 Aug 2018 16:46:59 +0200},
  biburl    = {https://dblp.org/rec/journals/corr/abs-1106-1813.bib},
  bibsource = {dblp computer science bibliography, https://dblp.org}
}